%PLEASE USE ALPHABETICAL ORDER WHEN ADDING REFS IN THIS FILE (TO AVOID HAVING MULTIPLE INSTANCES OF THE SAME CITATION)

@article{abbasi2011improved,
  title={Improved algorithms for linear stochastic bandits},
  author={Abbasi-Yadkori, Yasin and P{\'a}l, D{\'a}vid and Szepesv{\'a}ri, Csaba},
  journal={Advances in neural information processing systems},
  volume={24},
  year={2011}
}

@inproceedings{abe1999associative,
author = {Abe, Naoki and Long, Philip M.},
title = {Associative Reinforcement Learning using Linear Probabilistic Concepts},
year = {1999},
booktitle = {Proceedings of the Sixteenth International Conference on Machine Learning},
}

@InProceedings{abeles2024generalization,
  title = 	 {Generalization bounds for mixing processes via delayed {online-to-PAC} conversions},
  author =       {Ab\'el\`es, Baptiste and Clerico, Eugenio and Neu, Gergely},
  booktitle = 	 {Proceedings of The 36th International Conference on Algorithmic Learning Theory},
  year = 	 {2025},
}


@article{abe2003reinforcement,
author = {Abe, Naoki and Biermann, Alan W. and Long, Philip M.},
title = {Reinforcement Learning
with Immediate Rewards
and Linear Hypotheses},
year = {2003},
volume = {37},
number = {4},
journal = {Algorithmica},
pages = {263–293},
}

@article{agarwal2012generalization,
  title={The generalization ability of online algorithms for dependent data},
  author={Agarwal, A. and Duchi, J.C.},
  journal={IEEE Transactions on Information Theory},
  volume={59},
  number={1},
  year={2012},
}

@article{auer2003using,
author = {Auer, Peter},
title = {Using confidence bounds for exploitation-exploration trade-offs},
year = {2003},
volume = {3},
journal = {J. Mach. Learn. Res.},
pages = {397–422},
}

@article{bradley2005basic,
  title={Basic Properties of Strong Mixing Conditions: A Survey and Some Open Questions},
  author={Bradley, Richard C.},
  journal={Probability Surveys},
  volume={2},
  pages={107--144},
  year={2005},
}

@book{cesabianchi2006prediction,
author = {Cesa-Bianchi, Nicolò and Lugosi, Gabor},
title = {Prediction, Learning, and Games},
year = {2006},
publisher = {Cambridge University Press},
address = {USA}
}

%PLEASE USE ALPHABETICAL ORDER WHEN ADDING REFS IN THIS FILE (TO AVOID HAVING MULTIPLE INSTANCES OF THE SAME CITATION)

@misc{clerico2025confidence,
      title={Confidence Sequences for Generalized Linear Models via Regret Analysis}, 
      author={Eugenio Clerico and Hamish Flynn and Wojciech Kotłowski and Gergely Neu},
      year={2025},
      eprint={2504.16555},
      archivePrefix={arXiv},
      primaryClass={math.ST},
      url={https://arxiv.org/abs/2504.16555}, 
}

@article{cohen2020feature,
  title={Feature-based dynamic pricing},
  author={Cohen, Maxime C and Lobel, Ilan and Paes Leme, Renato},
  journal={Management Science},
  volume={66},
  number={11},
  pages={4921--4943},
  year={2020},
  publisher={INFORMS}
}

@article{flynn2023improved,
  title={Improved algorithms for stochastic linear bandits using tail bounds for martingale mixtures},
  author={Flynn, Hamish and Reeb, David and Kandemir, Melih and Peters, Jan R},
  journal={Advances in Neural Information Processing Systems},
  volume={36},
  pages={45102--45136},
  year={2023}
}
@article{garivier2008upper,
  title={On upper-confidence bound policies for non-stationary bandit problems},
  author={Garivier, Aur{\'e}lien and Moulines, Eric},
  journal={arXiv preprint arXiv:0805.3415},
  year={2008}
}
@book{grunwald2007minimum,
author = {Gr\"{u}nwald, Peter D.},
title = {The Minimum Description Length Principle (Adaptive Computation and Machine Learning)},
year = {2007},
publisher = {The MIT Press}
}

@inproceedings{howson2023delayed,
  title={Delayed feedback in generalised linear bandits revisited},
  author={Howson, Benjamin and Pike-Burke, Ciara and Filippi, Sarah},
  booktitle={International Conference on Artificial Intelligence and Statistics},
  pages={6095--6119},
  year={2023},
  organization={PMLR}
}

@inproceedings{jun2017scalable,
 author = {Jun, Kwang-Sung and Bhargava, Aniruddha and Nowak, Robert and Willett, Rebecca},
 booktitle = {Advances in Neural Information Processing Systems},
 title = {Scalable Generalized Linear Bandits: Online Computation and Hashing},
 volume = {30},
 year = {2017}
}

@article{korkut2021disposable, 
	title={Disposable Linear Bandits for Online Recommendations}, 
	volume={35},
	number={5}, 
	journal={Proceedings of the AAAI Conference on Artificial Intelligence},
	 author={Korkut, Melda and Li, Andrew}, 
	 year={2021}}

%PLEASE USE ALPHABETICAL ORDER WHEN ADDING REFS IN THIS FILE (TO AVOID HAVING MULTIPLE INSTANCES OF THE SAME CITATION)

@article{lai1985asymptotically,
title = {Asymptotically efficient adaptive allocation rules},
journal = {Advances in Applied Mathematics},
volume = {6},
number = {1},
pages = {4-22},
year = {1985},
author = {T.L. Lai and Herbert Robbins}
}

@inproceedings{lattimore2015pareto,
 author = {Lattimore, Tor},
 booktitle = {Advances in Neural Information Processing Systems},
 title = {The {P}areto Regret Frontier for Bandits},
 volume = {28},
 year = {2015}
}

@book{lattimore2020bandit,
  title={Bandit algorithms},
  author={Lattimore, Tor and Szepesv{\'a}ri, Csaba},
  year={2020},
  publisher={Cambridge University Press}
}

@InProceedings{lee2024improved,
  title = 	 {Improved Regret Bounds of (Multinomial) Logistic Bandits via Regret-to-Confidence-Set Conversion},
  author =       {Lee, Junghyun and Yun, Se-Young and Jun, Kwang-Sung},
  booktitle = 	 {Proceedings of the 27th International Conference on Artificial Intelligence and Statistics},
  pages = 	 {4474--4482},
  year = 	 {2024},
}


@article{lee2024unified,
  title={A unified confidence sequence for generalized linear models, with applications to bandits},
  author={Lee, Junghyun and Yun, Se-Young and Jun, Kwang-Sung},
  journal={arXiv preprint arXiv:2407.13977},
  year={2024}
}

%PLEASE USE ALPHABETICAL ORDER WHEN ADDING REFS IN THIS FILE (TO AVOID HAVING MULTIPLE INSTANCES OF THE SAME CITATION)


@inproceedings{li2010contextual,
  title={A contextual-bandit approach to personalized news article recommendation},
  author={Li, Lihong and Chu, Wei and Langford, John and Schapire, Robert E},
  booktitle={Proceedings of the 19th international conference on World wide web},
  pages={661--670},
  year={2010}
}

@article{mohri2008rademacher,
 author = {Mohri, M. and Rostamizadeh, A.},
 journal = {NeurIPS},
 title = {Rademacher Complexity Bounds for Non-I.I.D. Processes},
 year = {2008}
}

@article{orabona2019modern,
  title={A modern introduction to online learning},
  author={Orabona, Francesco},
  journal={arXiv preprint arXiv:1912.13213},
  year={2019}
}

%PLEASE USE ALPHABETICAL ORDER WHEN ADDING REFS IN THIS FILE (TO AVOID HAVING MULTIPLE INSTANCES OF THE SAME CITATION)
@article{shalizi2013predictive,
 author = {Shalizi, C. and Kontorovich, A.},
 journal = {NeurIPS},
 title = {Predictive {PAC} Learning and Process Decompositions},
 year = {2013}
}


@inproceedings{vernade2020linear,
  title={Linear bandits with stochastic delayed feedback},
  author={Vernade, Claire and Carpentier, Alexandra and Lattimore, Tor and Zappella, Giovanni and Ermis, Beyza and Brueckner, Michael},
  booktitle={International Conference on Machine Learning},
  pages={9712--9721},
  year={2020},
  organization={PMLR}
}

@article{russac2019weighted,
  title={Weighted linear bandits for non-stationary environments},
  author={Russac, Yoan and Vernade, Claire and Capp{\'e}, Olivier},
  journal={Advances in Neural Information Processing Systems},
  volume={32},
  year={2019}
}

@inproceedings{vernade2020non,
  title={Non-stationary delayed bandits with intermediate observations},
  author={Vernade, Claire and Gyorgy, Andras and Mann, Timothy},
  booktitle={International Conference on Machine Learning},
  pages={9722--9732},
  year={2020},
  organization={PMLR}
}


@article{hsu2019mixing,
  title={Mixing time estimation in reversible Markov chains from a single sample path},
  author={Hsu, Daniel and Kontorovich, Aryeh and Levin, David A and Peres, Yuval and Szepesv{\'a}ri, Csaba and Wolfer, 
Geoffrey},
  journal={The Annals of Applied Probability},
  volume={29},
  number={4},
  pages={2439--2480},
  year={2019}
}

@inproceedings{wolfer2020mixing,
  title={Mixing time estimation in ergodic markov chains from a single trajectory with contraction methods},
  author={Wolfer, Geoffrey},
  booktitle={Algorithmic Learning Theory},
  pages={890--905},
  year={2020}
}




@article{weiberger2002delay,
  author={Weinberger, M.J. and Ordentlich, E.},
  journal={IEEE Transactions on Information Theory}, 
  title={On delayed prediction of individual sequences}, 
  year={2002},
  volume={48},
  number={7}}

@article{yu1994rates,
  title={Rates of convergence for empirical processes of stationary mixing sequences},
  author={Yu, Bin},
  journal={The Annals of Probability},
  volume={22},
  number={1},
  pages={94--116},
  year={1994}
}

%PLEASE USE ALPHABETICAL ORDER WHEN ADDING REFS IN THIS FILE (TO AVOID HAVING MULTIPLE INSTANCES OF THE SAME CITATION)
